<record><leader>00000cas a22000007a 4500</leader><controlfield tag="001">10981388</controlfield><controlfield tag="008">840724d18691874inuwr ne      0    0eng d</controlfield><datafield ind1=" " ind2=" " tag="010"><subfield code="a">sn 84027306 </subfield></datafield><datafield ind1=" " ind2=" " tag="040"><subfield code="a">NPU</subfield><subfield code="b">eng</subfield><subfield code="c">NPU</subfield><subfield code="d">NPI</subfield><subfield code="d">OCLCQ</subfield></datafield><datafield ind1=" " ind2=" " tag="042"><subfield code="a">msc</subfield></datafield><datafield ind1="0" ind2=" " tag="130"><subfield code="a">Austin news (Austin, Ind.)</subfield></datafield><datafield ind1="1" ind2="4" tag="245"><subfield code="a">The Austin news.</subfield></datafield><datafield ind1="1" ind2="3" tag="246"><subfield code="a">Austin weekly news</subfield></datafield><datafield ind1=" " ind2=" " tag="260"><subfield code="a">Austin, Ind. :</subfield><subfield code="b">Simon M. Rogers</subfield></datafield><datafield ind1=" " ind2=" " tag="300"><subfield code="a">v. ;</subfield><subfield code="c">40 cm.</subfield></datafield><datafield ind1=" " ind2=" " tag="310"><subfield code="a">Weekly</subfield></datafield><datafield ind1="1" ind2=" " tag="362"><subfield code="a">Began in Oct. 1869; ceased in 1874.</subfield><subfield code="z">Cf. Miller, J.W. Ind. newspaper bibl.</subfield></datafield><datafield ind1=" " ind2=" " tag="500"><subfield code="a">"A Weekly Newspaper, Devoted to the Interests of the Farmer, the Mechanic, and the Business Man."</subfield></datafield><datafield ind1=" " ind2=" " tag="500"><subfield code="a">Publishers: 1869-1873, John H.J. Sierp; 1873-1874, Simon M. Rogers Cf. Miller.</subfield></datafield><datafield ind1=" " ind2=" " tag="500"><subfield code="a">Democratic. Cf. Miller.</subfield></datafield><datafield ind1=" " ind2=" " tag="588"><subfield code="a">Description based on: Vol. 1, no. 4 (Oct. 27, 1869).</subfield></datafield><datafield ind1=" " ind2=" " tag="752"><subfield code="a">United States</subfield><subfield code="b">Indiana</subfield><subfield code="c">Scott</subfield><subfield code="d">Austin.</subfield></datafield><datafield ind1="0" ind2="0" tag="780"><subfield code="t">Scott County argus (Austin, Ind.)</subfield><subfield code="w">(DLC)sn 85047917</subfield></datafield><datafield ind1="1" ind2=" " tag="029"><subfield code="a">AU@</subfield><subfield code="b">000025788663</subfield></datafield></record>